@article{afCIT,
	author    = {Fantini, Adriano and Raffaele, Francesca and Torma, Csaba and Bacer, Sara and Coppola, Erika and Giorgi, Filippo},
	title     = {Assessment of multiple daily precipitation indices in {ERA-Interim} driven {MED-CORDEX} and {EURO-CORDEX} experiments against high resolution observations},
	year      = {2016},
        journal = {Climate Dynamics},
        doi = {10.1007/s00382-016-3453-4},
        url = {https://link.springer.com/article/10.1007/s00382-016-3453-4}
        }
